@article{rossi2014metastream,
  title={MetaStream: A meta-learning based method for periodic algorithm selection in time-changing data},
  author={Rossi, Andr{\'e} Luis Debiaso and de Leon Ferreira, Andr{\'e} Carlos Ponce and Soares, Carlos and De Souza, Bruno Feres and others},
  journal={Neurocomputing},
  volume={127},
  pages={52--64},
  year={2014},
  publisher={Elsevier}
}

@article{halevy2009unreasonable,
  title={The unreasonable effectiveness of data},
  author={Halevy, Alon and Norvig, Peter and Pereira, Fernando},
  journal={IEEE Intelligent Systems},
  volume={24},
  number={2},
  pages={8--12},
  year={2009},
  publisher={IEEE}
}

@book{mitchell1997machine,
  title={Machine Learning},
  author={Mitchell, T.M.},
  isbn={9780071154673},
  lccn={97007692},
  series={McGraw-Hill International Editions},
  url={https://books.google.com.br/books?id=EoYBngEACAAJ},
  year={1997},
  publisher={McGraw-Hill}
}

@online{tarnoff2018big,
author = {Ben Tarnoff},
title = {Big data for the people: it's time to take it back from our tech overlords},
journal = {The Guardian},
url = {https://www.theguardian.com/technology/2018/mar/14/tech-big-data-capitalism-give-wealth-back-to-people},
urldate = {2020-03-14},
year = {2018},
}

@book{gama2007learning,
  title={Learning from data streams: processing techniques in sensor networks},
  author={Gama, Jo{\~a}o and Gaber, Mohamed Medhat},
  year={2007},
  publisher={Springer}
}

@article{rivolli2018towards,
  title={Towards reproducible empirical research in meta-learning},
  author={Rivolli, Adriano and Garcia, Lu{\'\i}s PF and Soares, Carlos and Vanschoren, Joaquin and de Carvalho, Andr{\'e} CPLF},
  journal={arXiv preprint arXiv:1808.10406},
  pages={32--52},
  year={2018}
}

@inproceedings{ke2017lightgbm,
  title={Lightgbm: A highly efficient gradient boosting decision tree},
  author={Ke, Guolin and Meng, Qi and Finley, Thomas and Wang, Taifeng and Chen, Wei and Ma, Weidong and Ye, Qiwei and Liu, Tie-Yan},
  booktitle={Advances in neural information processing systems},
  pages={3146--3154},
  year={2017}
}

@article{skmultiflow,
  author  = {Jacob Montiel and Jesse Read and Albert Bifet and Talel Abdessalem},
  title   = {Scikit-Multiflow: A Multi-output Streaming Framework },
  journal = {Journal of Machine Learning Research},
  year    = {2018},
  volume  = {19},
  number  = {72},
  pages   = {1-5},
  url     = {http://jmlr.org/papers/v19/18-251.html}
}

@article{agrawal1993database,
  title={Database mining: A performance perspective},
  author={Agrawal, Rakesh and Imielinski, Tomasz and Swami, Arun},
  journal={IEEE transactions on knowledge and data engineering},
  volume={5},
  number={6},
  pages={914--925},
  year={1993},
  publisher={IEEE}
}

@article{breiman2001random,
  title={Random forests},
  author={Breiman, Leo},
  journal={Machine learning},
  volume={45},
  number={1},
  pages={5--32},
  year={2001},
  publisher={Springer}
}

@inproceedings{williams2001using,
  title={Using the Nystr{\"o}m method to speed up kernel machines},
  author={Williams, Christopher KI and Seeger, Matthias},
  booktitle={Advances in neural information processing systems},
  pages={682--688},
  year={2001}
}

@article{pymfe2020,
title={{MFE}: {T}owards reproducible meta-feature extraction},
author = {Edesio Alcoba\c{c}a and Felipe Siqueira and Adriano Rivolli and Lu{\'i}s P. F Garcia and Jeferson T. Oliva and Andre C. P. L. F. de Carvalho},
journal = {Journal of Machine Learning Research},
number = {},
volume = {},
pages = {1-5},
year = {2020},
}